
@Manual{1,
	title =        {Datenschutz-Grundverordnung(DSGVO)},
	url =          {https://dsgvo-gesetz.de/},
	urldate =      {2020-01-22}
}

@inproceedings{2,
	author = {Ku\v{c}era, Martin and Tsankov, Petar and Gehr, Timon and Guarnieri, Marco and Vechev, Martin},
	title = {Synthesis of Probabilistic Privacy Enforcement},
	year = {2017},
	publisher = {Association for Computing Machinery},
	url = {https://doi.org/10.1145/3133956.3134079%7D}
	}
	
@article{3,
	title={Artificial intelligence: a modern approach},
	author={Russell, Stuart and Norvig, Peter},
	year={2002}
}
	
	@TechReport{4,
	author =       {Luc De Raedt∗, Angelika Kimmig and Hannu Toivonen},
	title =        {ProbLog: A Probabilistic Prolog and its Application in Link Discovery},
	institution =  {Machine Learning Lab, Albert-Ludwigs-University Freibur},
	year =         {2007}
	}
	
	@Manual{5,
	title =        {Problog},
	url =          {https://dtai.cs.kuleuven.be/problog/index.html#},
	urldate =      {2015-2020},
	date =         {2020-12-30}
	}
	
	@inproceedings{6,
	title = {Securing Databases from Probabilistic Inference},
	url =          {https://mguarnieri.github.io/publication/csf2017/},
	urldate =      {2020-12-30}
	}
	
	@Manual{7,
	title = {HIPAA},
	url =       {https://www.hhs.gov/hipaa/for-professionals/security/laws-regulations/index.html},
	urldate =      {2020-12-30}
	}
	
	@inproceedings{8,
	title =        {Influence of the HIPAA Privacy Rule on Health Research},
	subtitle =     {Sophisticated Bibliographies in \LaTeX},
	author =       {Roberta B. Ness},
	publisher= 	{American Medical Association},
	year =         {2007}
	}
	
	@inproceedings{9,
	title =        {Das erste Jahr DSGVO - Eine Bestandsaufnahme},
	author =       {Alexander Ingelheim},
	publisher =    {Springer},
	year =      {2019},
	}
	
@inproceedings{10,
	author = {Golibrzuch, Peter and Möller, Ralf and Kaya, Atila},
	year = {2021},
	title = {A study of the rough set approach for image understanding}
}
	
	@Manual{11,
	title = {Europäische Union: Anteil der Raucher an der Gesamtbevölkerung, aufgeschlüsselt nach Geschlecht und Mitgliedstaat im Jahr 2017},
	url={https://de.statista.com/statistik/daten/studie/1099197/umfrage/anteil-der-raucher-in-der-eu-nach-geschlecht/#professional},
	urldate =      {2021-01-12},
	date =         {2020-01}
	}
	
	@inproceedings{12,
	title =        {MIMIC-III, a freely	accessible critical care database},
	author =       {Robertson, Will},
	year = 		{2016},
	institution = {}
	}
		
@article{14,
	title={Smoking, gender, and age as risk factors for site-specific intraoral squamous cell carcinoma. A case-series analysis},
	author={Barasch, Andrei and Morse, Douglas E and Krutchkoff, David J and Eisenberg, Ellen},
	journal={Cancer},
	volume={73},
	number={3},
	pages={509--513},
	year={1994},
	publisher={Wiley Online Library}
}
	
	@Book{15,
	title =        {„Das ist o.\,B.\,d.\,A.\ trivial!“: Tipps und Tricks zur Formulierung mathematischer Gedanken (Mathematik für	Studienanfänger)},
	author =       {Albrecht Beutelspacher},
	year =         {2009},
	edition =      {Ninth, updated edition},
	publisher =    {Vieweg+Teubner Verlag}
	}

	@Manual{16,
		title = 	{ICD-9 Codes for Cancer},
		url = 		{https://medicine.yale.edu/intmed/vacs/instruments/},
		urldate = 	{2020-01-22}
	}

	@inproceedings{17,
	title =        {The eICU Collaborative Research Database, a freely available multi-center	database for critical care research},
	author =       {Tom J. Pollard1, Alistair E. W. Johnson, Jesse D. Raffa1, Leo A. Celi1,Roger G. Mark, Omar Badawi},
	date =         {2018-09-11},
	institution = {}
}

@article{13,
	title={Early detection of lung cancer risk using data mining},
	author={Ahmed, Kawsar and Kawsar, Abdullah-Al and Kawsar, Emran and Emran, Abdullah-Al and Jesmin, Tasnuba and Mukti, Roushney Fatima and Rahman, Md and Ahmed, Farzana and others},
	year={2013},
	publisher={{\copyright} 2013 Asian Pacific Journal of Cancer Prevention}
}

@article{19,
	title={Synthea: An approach, method, and software mechanism for generating synthetic patients and the synthetic electronic health care record},
	author={Walonoski, Jason and Kramer, Mark and Nichols, Joseph and Quina, Andre and Moesel, Chris and Hall, Dylan and Duffett, Carlton and Dube, Kudakwashe and Gallagher, Thomas and McLachlan, Scott},
	journal={Journal of the American Medical Informatics Association},
	volume={25},
	number={3},
	pages={230--238},
	year={2018},
	publisher={Oxford University Press}
}


	@Manual{20,
		title = {Synthea},
		url = {https://github.com/synthetichealth/synthea},
		year = {2016}
	}

	@Manual{21,
	title = {United States Census bureau},
	url = {https://www.census.gov/},
	date = {2021-01-21-}
	}

@article{22,
	author = {Farkas, Csilla and Jajodia, Sushil},
	title = {The Inference Problem: A Survey},
	year = {2002},
	publisher = {Association for Computing Machinery},
}

@inproceedings{guarnieri2017securing,
	author    = {Marco Guarnieri and
	Srdjan Marinovic and
	David Basin},
	title     = {Securing Databases from Probabilistic Inference},
	booktitle = {Proceedings of the 30th IEEE Computer Security Foundations Symposium},
	pages={343--359},
	year      = {2017},
	publisher={IEEE}
}


@inproceedings{23,  
	author={X. {Shu} and D. {Yao} and E. {Bertino}},  
	journal={IEEE Transactions on Information Forensics and Security},   
	title={Privacy-Preserving Detection of Sensitive Data Exposure},   
	year={2015}
}

@article{24,
	title={A FCA framework for inference control in data integration systems},
	author={Sellami, Mokhtar and Hacid, Mohand-Said and Gammoudi and Mohsen, Mohamed},
	journal={Distributed and Parallel Databases},
	volume={37},
	number={4},
	pages={543--586},
	year={2019},
	publisher={Springer}
}
	@Manual{25,
	title = {Synthea Module Gallery},
	url= {https://github.com/synthetichealth/synthea/wiki/Module-Gallery},
	date = {2021-01-23}
}

	@Manual{26,
	title = {Synthea Module Gallery Osteoporosis},
	url= {https://synthetichealth.github.io/synthea/graphviz/osteoporosis.png},
	date = {2021-02-15}
}



